@inproceedings{abe+05,
  author = "M. Abadi and M. Budiu and \'{U}. Erlingsson and J. Ligatti",
  title = "Control-Flow Integrity: Principles, Implementations, and
  Applications",
  booktitle = "Proceedings of the 12$^{th}$ ACM Conference on Computer and
  Communications Security",
	location = "Alexandria, Virginia",
  publisher = "ACM Press",
  pages = "340--353",
  month = "November",
  year = 2005
}

@inproceedings{ah90,
  author = "H. Agrawal and J. R. Horgan",
  title = "Dynamic Program Slicing",
  booktitle = "Proceedings of the ACM SIGPLAN 1990 Conference on Programming
  Language Design and Implementation",
  publisher = "ACM Press",
  pages = "246--256",
  month = "June",
  year = 1990
}

@inproceedings{amb+03,
  author = "G. Ammons and D. Mandelin and R. Bodik and J. R. Larus",
  title = "Debugging Temporal Specifications with Concept Analysis",
  booktitle = "Proceedings of the ACM SIGPLAN 2003 Conference on Programming
  Language Design and Implementation",
  publisher = "ACM Press",
  pages = "182--195",
  month = "June",
  year = 2003
}

@techreport{a72,
  author = "J. P. Anderson",
  title = "Computer Security Technology Planning Study, Volume {II}",
  institution = "Deputy for Command and Management Systems, HQ Electronics
  Systems Division (AFSC)",
  number = "ESD-TR-73-51",
  address = "L. G. Hanscom Field, Bedford, MA",
  month = "October",
  year = 1972
}

@misc{aosd,
  key = "AOSD",
  title = "Glossary of terms from the Aspect-Oriented Software Development
	{Wiki}",
  note = "\url{http://aosd.net/wiki/index.php?title=Glossary}"
}

@misc{apache,
  key = "Apache",
  note = "\url{http://www.apache.org}",
  title = "The {Apache} web-server"
}

@misc{apparmor,
  key = "Apparmor",
  title = "{AppArmor Application Security}",
  note = "\url{http://www.novell.com/linux/security/apparmor}",
}

@misc{argus,
  key = "Argus",
  title = "{Argus PitBull}",
  note = "\url{http://www.argus-systems.com}",
}

@misc{aspectc,
  key = "Aspectc",
  title = "The home of {AspectC++}",
  note = "\url{http://www.aspectc.org}"
}

@misc{aspectj,
  key = "Aspectj",
  title = "{AspectJ} Project",
  note = "\url{http://www.eclipse.org/aspectj}"
}

@inproceedings{bdb00,
  author = "V. Bala and E. Duesterwald and S. Banerjia",
  title = "Dynamo: {A} Transparent Dynamic Optimization System",
  booktitle = "Proceedings of the ACM SIGPLAN 2000 Conference on Programming
  Language Design and Implementation",
  publisher = "ACM Press",
  pages = "1--12",
  month = "June",
  year = 2000
}

@inproceedings{blw05,
  author = "L. Bauer and J. Ligatti and D. Walker",
  title = "Composing Security Policies with {Polymer}",
  booktitle = "Proceedings of the ACM SIGPLAN 2005 Conference on Programming
  Language Design and Implementation",
  publisher = "ACM Press",
  pages = "305--314",
  month = "June",
  year = 2005
}

@techreport{bl76,
  author = "D. E. Bell and L. J. LaPadula",
  title = "Secure Computer System: {Unified} Exposition and {Multics}
  Interpretation",
  institution = "Deputy for Command and Management Systems, HQ Electronic Systems
  Division (AFSC)",
  number = "ESD-TR-75-306",
  address = "L. G. Hanscom Field, Bedford, MA",
  month = "March",
  year = 1976
}

@article{bpw+90,
  author = "J. Berger and J. Picciotto and J. Woodward and P. Cummings",
  title = "Compartmented Mode Workstation: {Prototype} Highlights",
  journal = "IEEE Transactions on Software Engineering",
  pages = "608--618",
  volume = 16,
  number = 6,
  month = "June",
  year = 1990
}

@techreport{b77,
  author = "K. J. Biba",
  title = "Integrity Considerations for Secure Computer Systems",
  number = "MTR-3153",
  institution = "MITRE Corporation",
  address = "Bedford, MA",
  month = "April",
  year = 1977
}

@article{bd96,
  author = "M. Bishop and M. Digler",
  title = "Checking for Race Conditions in File Accesses",
  journal = "Computer Systems",
  volume = 9,
  number = 2,
  pages = "131--152",
  month = "Spring",
  year = 1996
}

@inproceedings{bn89,
  author = "D. F. C. Brewer and M. J. Nash",
  title = "The {Chinese Wall} Security Policy",
  booktitle = "Proceedings of the 1989 IEEE Symposium on Security and Privacy",
  publisher = "IEEE Computer Society Press",
  pages = "206--214",
  month = "May",
  year = 1989
}

@inproceedings{bs04,
  author = "D. Brumley and D. Song",
  title = "{PrivTrans:} {Automatically} Partitioning Programs for Privilege
  Separation",
  booktitle = "Proceedings of the 13$^{th}$ USENIX Security Symposium",
  publisher = "USENIX Association",
  pages = "57--72",
  month = "August",
  year = 2004
}

@inproceedings{cmm+05,
  author = "M. Ceccato and M. Marin and K. Mens and L. Moonen and P. Tonella
  and T. Tourwe",
  title = "A Quantitative Comparison of Three Aspect Mining Techniques",
  booktitle = "Proceedings of the 13$^{th}$ International Workshop on Program
  Comprehension",
  publisher = "IEEE Computer Society Press",
  pages = "13--22",
  month = "May",
  year = 2005
}

@inproceedings{cw02,
  author = "H. Chen and D. Wagner",
  title = "MOPS: {An} Infrastructure for Examining Security Properties of
  Software",
  booktitle = "Proceedings of the 9$^{th}$ ACM Conference on Computer and
  Communications Security",
  publisher = "ACM Press",
  pages = "235--244",
  month = "November",
  year = 2002
}

@inproceedings{cz05,
  author = "H. Cleve and A. Zeller",
  title = "Locating Causes of Program Failures",
  booktitle = "Proceedings of the 27$^{th}$ International Conference on Software
  Engineering",
  publisher = "ACM Press",
  pages = "342--251",
  month = "May",
  year = 2005
}

@article{cv65,
  author = "F. J. Corbat\'{o} and V. A. Vyssotsky",
  title = "Introduction and Overview of the {Multics} System",
  journal = "Proceedings of the AFIPS Fall Joint Computer Conference",
  publisher = "Spartan Books, Washington, DC",
  volume = "27",
  pages = "185--196",
  year = 1965
}

@inproceedings{dg71,
  author = "P. Deutsch and C. A. Grant",
  title = "A flexible measurement tool for software systems",
  booktitle = "Proceedings of the IFIP Congress 1971 (Information Processing) -
  Foundations and Systems",
  publisher = "North Holland",
  pages = "320--326",
  month = "August",
  year = 1971
}

@inproceedings{dru05,
  author = "V. Diwakara and V. Rajegowda and P. Uppuluri",
  title = "Preventing Information Leaks in {X} Windows",
  booktitle = "Proceedings of the International Conference on Communication,
  Network, and Information Security",
  month = "November",
  year = 2005
}

@misc{dyninst,
  key = "dyninst",
  title = "{Dyninst}: {An} application program interface for runtime code
  generation",
  note = "\url{http://www.dyninst.org}"
}

@techreport{esv01,
  author = "A. Edwards and A. Srivastava and H. Vo",
  title = "{Vulcan}: {Binary} transformation in a distributed environment",
  institution = "Microsoft Research",
  number = "2001-50",
  month = "April",
  year = 2001
}

@inproceedings{ekv+05,
  author = "P. Efstathopoulos and M. Krohn and S. VanDeBogart and C. Frey and
  D. Ziegler and E. Kohler and D. Mazi\'{e}res and F. Kaashoek and R. Morris",
  title = "Labels and Event Processes in the {Asbestos} Operating System",
  booktitle = "Proceedings of the 20$^{th}$ ACM Symposium on Operating System
  Principles",
  publisher = "ACM Press",
  pages = "17--30",
  month = "October",
  year = 2005
}

@article{eks03,
  author = "T. Eisenbarth and R. Koschke and D. Simon",
  title = "Locating Features in Source Code",
  journal = "IEEE Transactions on Software Engineering",
  pages = "210--224",
  volume = 29,
  number = 3,
  month = "March",
  year = 2003
}

@inproceedings{e90,
  author = "J. J. Epstein",
  title = "A Prototype for Trusted {X} Labeling Policies",
  booktitle = "Proceedings of the 6$^{th}$ Annual Computer Security
  Applications Conference",
  publisher = "IEEE Computer Society Press",
  pages = "221--230",
  month = "December",
  year = 1990
}

@article{emo+93,
  author = "J. Epstein and J. McHugh and H. Orman and R. Pascale and A-M.
  Squires and B. Danner and C. Martin and M. Branstad and G. Benson and D.
  Rothnie",
  title = "A High Assurance Window System Prototype",
  journal = "Journal of Computer Security",
  volume = 2,
  pages = "159--190",
  number = {2-3},
  year = 1993
}

@inproceedings{ep91,
  author = "J. Epstein and J. Picciotto",
  title = "Trusting {X}: {Issues} in building Trusted {X} Window systems -or-
  what's not trusted about {X}?",
  booktitle = "Proceedings of the 14$^{th}$ Annual National Computer Security
  Conference",
  month = "October",
  year = 1991
}
 
@phdthesis{e04,
  author = "\'{U}. Erlingsson",
  title = "The Inlined Reference Monitor Approach to Security Policy
  Enforcement",
  school = "Cornell University",
  month = "January",
  year = 2004
}

@inproceedings{es00,
  author = "\'{U}. Erlingsson and F. B. Schneider",
  title = "{IRM} Enforcement of {Java} Stack Inspection",
  booktitle = "Proceedings of the 2000 IEEE Symposium on Security and Privacy",
  publisher = "IEEE Computer Society Press",
  pages = "246--255",
  month = "May",
  year = 2000
}

@inproceedings{et99,
  author = "D. Evans and A. Twyman",
  title = "Flexible Policy-Directed Code Safety",
  booktitle = "Proceedings of the 1999 IEEE Symposium on Security and Privacy",
  publisher = "IEEE Computer Society Press",
  pages = "32--45",
  month = "May",
  year = 1999
}

@misc{fedora,
  key = "Fedora",
  title = "{Fedora Core 4 Linux distribution}",
  note = "\url{http://fedora.redhat.com}"
}

@inproceedings{fgh+04, 
  author = "H. H. Feng and J. T. Giffin and Y. Huang and S. Jha and W. Lee and
  B. Miller",
  title = "Formalizing Sensitivity in Static Analysis for Intrusion Detection",
  booktitle = "Proceedings of the 2004 IEEE Symposium on Security and Privacy",
  pages = "194--208",
  month = "May",
  publisher = "IEEE Computer Society Press",
  year = 2004
}

@inproceedings{fh05,
  author = "N. Feske and C. Helmuth",
  title = "A {Nitpicker}'s Guide to a Minimal-Complexity Secure {GUI}",
  booktitle = "Proceedings of the 21$^{st}$ Annual Computer Security
  Applications Conference",
  publisher = "IEEE Computer Society Press",
  pages = "85--94",
  month = "December",
  year = 2005
}

@inproceedings{f06,
  author = "B. Fletcher",
  title = "Case study: {Open} source and Commercial Applications in a
  {Java}-based {\selinux} Cross-Domain Solution",
  booktitle = "Proceedings of the 2$^{nd}$ Annual Security-enhanced Linux
  Symposium",
  month = "March",
  year = 2006
}

@inproceedings{fhs+96,
  author = "S. Forrest and S. Hofmeyr and A. Somayaji and T. Longstaff",
  title = "A sense of self for {Unix} Processes",
  booktitle = "Proceedings of the 1996 IEEE Symposium on Security and Privacy",
  pages = "120--128",
  month = "May",
  publisher = "IEEE Computer Society Press",
  year = 1996
}
 
@inproceedings{gjj05,
  author = "V. Ganapathy and T. Jaeger and S. Jha", 
  title = "Automatic placement of authorization hooks in the {Linux} security
  modules framework",
  booktitle = "Proceedings of the 12$^{th}$ ACM Conference on Computer and
  Communications Security",
  publisher = "ACM Press",
  pages = "330--339",
  month = "November",
  year = 2005
}

@inproceedings{gjj06,
  author = "V. Ganapathy and T. Jaeger and S. Jha",
  title = "Retrofitting Legacy Code for Authorization Policy Enforcement",
  booktitle = "Proceedings of the 2006 IEEE Symposium on Security and Privacy",
  publisher = "IEEE Computer Society Press",
  pages = "214--229",
  month = "May",
  year = 2006
}

@inproceedings{gkj+07,
  author = "V. Ganapathy and D. King and T. Jaeger and S. Jha",
  title = "Mining Security-sensitive Operations in Legacy Code using Concept
  Analysis",
  booktitle = "Proceedings of the 29$^{th}$ International Conference on Software
  Engineering",
  publisher = "IEEE Computer Society Press",
  pages = "458--467",
  month = "May",
  year = 2007
}

@book{garey-johnson,
  author = "M. R. Garey and D. S. Johnson",
  title = "Computers and Intractability: {A} Guide to the Theory of
  {NP}-Completeness",
  publisher = "W. H. Freeman and Company",
  address = "New York, NY",
  year = 1990
}

@inproceedings{gks05,
	author = "P. Godefroid and N. Klarlund and K. Sen",
	title = "{DART}: {Directed}, Automated, Random Testing",
	booktitle = "Proceedings of the ACM SIGPLAN 2005 Conference on Programming
	Language Design and Implementation",
	publisher = "ACM Press",
	pages = "i213--223",
	month = "June",
	year = 2005
}

@article{gma95,
  author = "R. Godin and R. Missaoui and H. Alaoui",
  title = "Incremental Concept Formation Algorithms based on {Galois} (concept)
  Lattices",
  journal = "Computational Intelligence",
  editor = "R. Goebel and R. Greiner and D. Lin",
  volume = 11,
  number = 2,
  pages = "246--267",
  year = 1995
}

@book{ge03,
  author = "L. Gong and G. Ellison",
  title = "Inside {Java}$^{TM}$ 2 Platform Security: {Architecture}, {API}
  Design, and Implementation",
  publisher = "Pearson Education",
  year = 2003
}

@inproceedings{gd72,
  author = "G. S. Graham and P. J. Denning",
  title = "Protection --- principles and practice",
  booktitle = "Proceedings of the 1972 AFIPS Spring Joint Computer Conference",
  publisher = "AFIPS Press",
  pages = "41--429",
  month = May,
  year = 1972
}

@article{gb01,
  author = "R. Grimm and B. Bershad",
  title = "Separating access control policy, enforcement and functionality in
  extensible systems",
  journal = "ACM Transactions on Computer Systems",
  publisher = "ACM Press",
  pages = "36--70",
  volume = "19",
  number = "1",
  month = "February",
  year = 2001
}

@article{ghr+05,
  author = "J. D. Guttman and A. L. Herzog and J. D. Ramsdell and C. W.
  Skorupka",
  title = "Verifying Information Flow Goals in Security-Enhanced {Linux}",
  journal = "Journal of Computer Security (special issue for the 2003 Workshop
  on Issues in the Theory of Security)",
  volume = 13,
  number = 1,
  year = 2005
}

@misc{grsecurity,
  key = "GRSecurity",
  title = "grsecurity patches for the {Linux} kernel",
  note = "\url{http://www.grsecurity.net}",
}

@inproceedings{hcx+02,
  author = "S. Hallem and B. Chelf and Y. Xie and D. Engler",
  title = "A System and Language for Building System-Specific, Static
  Analyses",
  booktitle = "Proceedings of the ACM SIGPLAN 2002 Conference on Programming
  Language Design and Implementation",
  publisher = "ACM Press",
  pages = "69--82",
  month = "June",
  year = 2002
}

@article{hru76,
  author = "M. Harrison and W. Ruzzo and J. D. Ullman",
  title = "Protection in Operating Systems",
  journal = "Communications of the ACM",
  publisher = "ACM Press",
  pages = "461--471",  
  volume = "19",
  number = "8",
  month = "August", 
  year = 1976
}

@inproceedings{hgh+05,
  author = "A. L. Herzog and J. D. Guttman and D. R. Harris and J. D. Ramsdell
  and A. E. Segall and B. T. Sniffen",
  title = "Policy Analysis and Generation Work at {MITRE}",
  booktitle = "Proceedings of the 1$^{st}$ Annual Security-enhanced Linux
  Symposium",
  month = "March",
  year = 2005
}

@inproceedings{ham06,
  author = "B. Hicks and K. Ahmadizadeh and P. McDaniel",
  title = "Understanding Practical Application Development in Security-typed
  Languages",
  booktitle = "Proceedings of the 22$^{nd}$ Annual Computer Security
  Applications Conference",
  publisher = "IEEE Computer Society Press",
  pages = "153--164",
  month = "December",
  year = 2006
}

@inproceedings{hrj+07,
  author = "B. Hicks and S. Rueda and T. Jaeger and P. McDaniel",
  title = "Integrating \selinux with security-typed languages",
  booktitle = "Proceedings of the 3$^{rd}$ Annual Security-enhanced Linux
  Symposium",
  month = "March",
  year = 2007
}

@inproceedings{hms06,
  author = "M. Hocking and K. Macmillan and D. Shankar",
  title = "Case study: {Enhancing} {IBM} {Websphere} with {\selinux}",
  booktitle = "Proceedings of the 2$^{nd}$ Annual Security-enhanced Linux
  Symposium",
  month = "March",
  year = 2006
}

@inproceedings{hmc94,
  author = "J. K. Hollingsworth and B. P. Miller and J. Cargille",
  title = "Dynamic Program Instrumentation for Scalable Performance Tools",
  booktitle = "Proceedings of the Scalable High-Performance Computing
  Conference",
  publisher = "IEEE Computer Society Press",
  pages = "841--850",
  month = "May",
  year = 1994
}

@book{h03,
  author = "G. J. Holzmann",
  title = "The {SPIN} Model Checker: {Primer} and Reference Manual",
  publisher = "Addison Wesley, Pearson Education",
  month = "September",
  year = 2003
}

@misc{iis,
  key = "IIS",
  note = "\url{http://www.microsoft.com/windowsserver2003/iis}",
  title = "The {Microsoft IIS} web-server"
}
@misc{jdbc,
  key = "JDBC",
  note = "\url{http://java.sun.com/products/jdbc}",
  title = "{JDBC: Java Database Connectors}"
}

@article{jez04,
  author = "T. Jaeger and A. Edwards and X. Zhang",
  title = "Consistency Analysis of Authorization Hook Placement in the {Linux}
  Security Modules Framework",
  journal = "ACM Transactions on Information and System Security (TISSEC)",
  publisher = "ACM Press",
  volume = "7",
  number = "2",
  pages = "175--205",
  month = "May",
  year = 2004
}

@inproceedings{jsz03,
  author = "T. Jaeger and R. Sailer and X. Zhang",
  title = "Analyzing Integrity Protection in the {\selinux} Example Policy",
  booktitle = "Proceedings of the 12$^{th}$ USENIX Security Symposium",
  publisher = "USENIX Association",
  pages = "59--74",
  month = "August",
  year = 2003
}

@inproceedings{jmg+02,
  author = "T. Jim and G. Morrisett and D. Grossman and M. Hicks and J. Cheney
  and Y. Wang",
  title = "Cyclone: {A} safe dialect of {C}",
  booktitle = "Proceedings of the USENIX Annual Technical Conference",
  publisher = "USENIX Association",
  pages = "275--288",
  month = "June",
  year = 2002
}  
  
@techreport{ks74,
  author = "P. A. Karger and R. R. Schell",
  title = "Multics Security Evaluation: {Vulnerability} Analysis",
  institution = "Deputy for Command and Management Systems, Electronics Systems
  Division (ASFC)",
  number = "ESD-TR-74-193",
  address = "L. G. Hanscom Field, Bedford, MA",
  month = "June",
  year = 1974
}
  
@inproceedings{klm+97,
  author = "G. Kiczales and J. Lamping and A. Mendhekar and C. Maeda and C. V.
  Lopes and J-M. Loingtier and J. Irwin",
  title = "Aspect-Oriented Programming",
  booktitle = "Proceedings of the European Conference on Object-Oriented
  Programming",
  publisher = "Springer",
  series = "Lecture Notes in Computer Science",
	volume = "1241",
  pages = "220--242",
  month = "June",
  year = 1997
}
  
@inproceedings{k03,
  author = "D. Kilpatrick",
  title = "{Privman:} {A} Library for Partitioning Applications",
  booktitle = "Proceedings of the 2003 USENIX Annual Technical
  Conference---FREENIX Track",
  publisher = "USENIX Association",
  pages = "273--284",
  month = "June",
  year = 2003
}
  
@techreport{ksv03,
  author = "D. Kilpatrick and W. Salamon and C. Vance",
  title = "Securing the {X} {Window} System with {SELinux}",
  institution = "NAI Labs",
  number = "03-006",
  month = "March",
  year = 2003
}

@article{k76,
	author = "J. C. King", 
	title = "Symbolic execution and program testing",
	journal = "Communications of the ACM",
	volume = "19",
	number = "7",
	pages = "385--394",
	month = "July",
	year = 1976
}

@inproceedings{kba02,
  author = "V. Kiriansky and D. Bruening and S. Amarasinghe",
  title = "Secure Execution via Program Shepherding",
  booktitle = "Proceedings of the 11$^{th}$ USENIX Security Symposium",
  publisher = "USENIX Association",
  pages = "191--206",
  month = "August",
  year = 2002
}

@misc{k04,
  author = "A. Klein",
  title = "Divide and Conquer: {HTTP} Response Splitting, Web Cache Poisoning,
  and Related Topics",
  note = "White Paper, Sanctum Inc.",
  month = "March",
  year = 2004
}

@inproceedings{kr97,
  author = "B. Korel and J. Rilling",
  title = "Application of Dynamic Slicing in Program Debugging",
  booktitle = "Proceedings of the 3$^{rd}$ International Workshop on Automated
  and Algorithmic Debugging",
  publisher = "ISSN 1401-9841",
  series = "Linkoping Electronic Articles in Computer and Information
  Science",
  volume = "2",
  number = "009",
  pages = "43--58",
  month = "May",
  year = 1997
}
  
@inproceedings{kpk02,
  author = "L. Koved and M. Pistoia and A. Kershenbaum",
  title = "Access Rights Analysis for {Java}",
  booktitle = "Proceedings of the 2002 ACM SIGPLAN Conference on
  Object-Oriented Programming Systems, Languages and Applications (OOPSLA)",
  publisher = "ACM Press",
  pages = "359--372",
  month = "November",
  year = 2002
}
 
@inproceedings{kef+05,
  author = "M. Krohn and P. Efstathopoulos and C. Frey and F. Kaashoek and E.
  Kohler and D. Mazieres and R. Morris and M. Osborne and S. Van DeBogart and
  D. Ziegler",
  title = "Make Least Privilege a Right (Not a Privilege)",
  booktitle = "Proceedings of the 10$^{th}$ Workshop on Hot Topics in Operating Systems",
  publisher = "USENIX Association",
  month = "June",
  year = 2005
}

@article{l71,
  author = "B. W. Lampson",
  title = "Protection",
  journal = "Proceedings of the 5$^{th}$ Princeton Conference on Information
  Sciences and Systems (1971). Reprinted in ACM Operating Systems Review",
  volume = 8,
  number = 1,
  pages = "18--24",
  month = "January",
  year = 1974
}

@book{l84,
  author = "H. M. Levy",
  title = "Capability-based Computer Systems",
  publisher = "Digital Press",
  year = 1984
}

@phdthesis{l04,
  author = "B. Liblit",
  title = "Cooperative Bug Isolation",
  school = "University of California, Berkeley",
  month = "Fall",
  year = 2004
}
 
@misc{lids,
  key = "LIDS",
  title = "{LIDS}: {Linux} Intrusion Detection System",
  note = "\url{http://www.lids.org}",
}
 
@inproceedings{ls97,
  author = "C. Lindig and G. Snelting",
  title = "Assesing modular structure of legacy code based on mathematical
  concept analysis",
  booktitle = "Proceedings of the 19$^{th}$ International Conference on
  Software Engineering",
  publisher = "ACM Press",
  pages = "349--359",
  month = "May",
  year = 1997
}
 
@inproceedings{lrb+05, 
  author = "C. M. Linn and M. Rajagopalan and S. Baker and C. Collberg and S. K. Debray and J. Hartmann", 
  title = "Protecting against unexpected system calls",
  booktitle = "Proceedings of the 14$^{th}$ USENIX Security Symposium",
  pages = "239--254",
  month = "August", 
  publisher = "USENIX Association",
  year = 2005
}
 
@inproceedings{ls01a,
  author = "P. Loscocco and S. Smalley",
  title = "Integrating Flexible Support for Security Policies into the {Linux}
  Operating System",
  booktitle = "Proceedings of the FREENIX track: USENIX Annual Technical Conference",
  publisher = "USENIX Association",
  pages = "29--42",
  month = "June",
  year = 2001
}
  
@inproceedings{ls01b,
  author = "P. Loscocco and S. Smalley",
  title = "Meeting Critical Security Objectives with Security-Enhanced {Linux}",
  booktitle = "Proceedings of the Ottawa Linux Symposium",
  month = "July",
  year = 2001
}

@book{m04,
  author = "B. McCarty",
  title = "{SELinux}: {NSA}'s Open Source Security Enhanced {Linux}",
  publisher = "O'Reilly Media, Inc.",
  month = "October",
  year = 2004
}

@inproceedings{mpp+07,
  author = "J. M. McCune and B. Parno and A. Perrig and M. K. Reiter and A.
  Seshadri",
  title = "Minimal {TCB} Code Execution (Extended Abstract)",
  booktitle = "Proceedings of the 2007 IEEE Symposium on Security and Privacy",
  publisher = "IEEE Computer Society Press",
  pages = "267--272",
  month = "May",
  year = 2007
}

@inproceedings{mpr06,
  author = "J. M. McCune and A. Perrig and M. Rieter",
  title = "{Bump in the Ether}: {A} Framework for Securing Sensitive User
  Input",
  booktitle = "Proceedings of the USENIX Annual Technical Conference",
  publisher = "USENIX Association",
  pages = "185--198",
  month = "June",
  year = 2006
}

@article{m90,
  author = "J. McLean",
  title = "The Specification and Modeling of Computer Security",
  journal = "IEEE Computer",
  volume = 23,
  number = 1,
  pages = "9--16",
  year = 1990
}

@book{m97,
  author = "S. S. Muchnick",
  title = "Advanced Compiler Design and Implementation",
  publisher = "Morgan Kaufmann",
  year = 1997
}

@inproceedings{nmr+02,
  author = "G. C. Necula and S. McPeak and S. P. Rahul and W. Weimer",
  title = "{CIL:} {Intermediate} Language and Tools for Analysis and
  Transformation of {C} Programs",
  booktitle = "Proceedings of the 11$^{th}$ International Conference on Compiler
  Construction",
  publisher = "Springer",
  series = "Lecture Notes in Computer Science",
  volume = "2304",
  pages = "213--228",
  month = "April",
  year = 2002
}

@article{nch+05,
  author = "G. C. Necula and J. Condit and M. Harren and S. McPeak and W.
  Weimer",
  title = "{CCured}: {Type}-safe Retrofitting of Legacy Software",
  journal = "ACM Transactions on Programming Languages and Systems (TOPLAS)",
  publisher = "ACM Press",
  volume = "27",
  number = "3",
  pages = "477--526",
  month = "May",
  year = 2005
}

@inproceedings{nmw02,
  author = "G. C. Necula and S. McPeak and W. Weimer",
  title = "{CCured:} {Type}-safe Retrofitting of Legacy Code",
  booktitle = "Conference Record of the 29$^{th}$ SIGPLAN-SIGACT Symposium on
  Principles of Programming Languages",
  publisher = "ACM Press",
  pages = "128--139",
  month = "January",
  year = 2002
}

@inproceedings{ns07,
  author = "N. Nethercote and J. Seward",
  title = "Valgrind: {A} Framework for Heavyweight Dynamic Binary
  Instrumentation",
  booktitle = "Proceedings of the ACM SIGPLAN 2007 Conference on Programming
  Language Design and Implementation",
  publisher = "ACM Press",
  pages = "89--100",
  month = "June",
  year = 2007
}

@inproceedings{ns05,
  author = "J. Newsome and D. Song",
  title = "Dynamic Taint Analysis for Automatic Detection, Analysis and
  Signature Generation of Exploits on Commodity Software",
  booktitle = "Proceedings of the 12$^{th}$ Annual Network and Distributed
  System Security Symposium",
  publisher = "ISOC Press",
  month = "February",
  year = 2005
}

@misc{oracle,
  key = "Oracle",
  note = "\url{http://www.oracle.com/database}",
  title = "{Oracle} Database"
}

@inproceedings{ph99,
  author = "R. Pandey and B. Hashii",
  title = "Providing Fine-Grained Access Control for {Java} Programs",
  booktitle = "Proceedings of the 13$^{th}$ European Conference on
  Object-Oriented Programming",
  publisher = "Springer",
  series = "Lecture Notes in Computer Science",
  volume = "1628",
  pages = "449-473",
  month = "June",
  year = 1999
}

@inproceedings{p91,
  author = "J. Picciotto",
  title = "Towards Trusted Cut and Paste in the {X} Window System",
  booktitle = "Proceedings of the 7$^{th}$ Annual Computer Security
  Applications Conference",
  pages = "34--43",
  publisher = "IEEE Computer Society Press",
  month = "December",
  year = 1991
}

@misc{postfix,
  key = "PostFix",
  note = "\url{http://www.postfix.org}",
  title = "The {Postfix} mail program"
}

@misc{games,
  key = "PennMUSH",
  title = "The {PennMUSH} multi-user dungeon online game server",
  note = "\url{http://pennmush.org}"
}

@misc{nsa,
  key = "SELinux",
  title = "Security-Enhanced {Linux}",
  note = "\url{http://www.nsa.gov/selinux}"
}

@misc{odbc,
  key = "ODBC",
  note = "\url{http://www.unixodbc.org}",
  title = "{ODBC: Open Database Connectors}"
}

@misc{phoenix,
  key = "Phoenix",
  title = "The {Microsoft} {Phoenix} Software Optimization and Analysis Framework",
  note = "\url{http://research.microsoft.com/phoenix}"
}

@inproceedings{p03,
  author = "N. Provos",
  title = "Improving Host Security with System Call Policies",
  booktitle = "Proceedings of the 12$^{th}$ USENIX Security Symposium",
  publisher = "USENIX Association",
  pages = "257--272",
  month = "August",
  year = 2003
}

@inproceedings{pfh03,
  author = "N. Provos and M. Friedl and P. Honeyman",
  title = "Preventing Privilege Escalation",
  booktitle = "Proceedings of the 12$^{th}$ USENIX Security Symposium",
  publisher = "USENIX Association",
  pages = "231--242",
  month = "August",
  year = 2003
}

@misc{rsbac,
  key = "RSBAC",
  title = "{RSBAC: Rule Set Based Access Control}",
  note = "\url{http://www.rsbac.org}",
}

@inproceedings{sjv+05,
  author = "R. Sailer and T. Jaeger and E. Valdez and R. Caceres and R. Perez
  and S. Berger and J. L. Griffin and L. van Doorn",
  title = "Building a {MAC}-based Security Architecture for the {Xen}
  Open-Source Hypervisor",
  booktitle = "Proceedings of the 21$^{st}$ Annual Computer Security
  Applications Conference",
  publisher = "IEEE Computer Society Press",
  pages = "276--285",
  month = "December",
  year = 2005
}

@article{ss75,
  author = "J. H. Saltzer and M. D. Schroeder",
  title = "The Protection of Information in Computer Systems",
  journal = "Proceedings of the IEEE",
  volume = 63,
  number = 9,
  pages = "1278--1308",
  month = "September",
  year = 1975
}

@misc{samba,
  key = "Samba",
  note = "\url{http://www.samba.org}",
  title = "The {Samba} server---Opening {Windows} to a Wider World"
}

@inproceedings{sbb+01,
  author = "R. Sekar and M. Bendre and P. Bollineni and D. Dhurjati",
  title = "A fast automaton-based method for detecting anomalous program
  behaviors",
  booktitle = "Proceedings of the 2001 IEEE Symposium on Security and Privacy",
  pages = "144--155",
  month = "May",
  publisher = "IEEE Computer Society Press",
  year = 2001
}

@misc{selinux-symposium-04,
  key = "selinux-symposium-04",
  note = "\url{http://www.selinux-symposium.org/meeting.php}",
  title = "{Summary of first annual \selinux\ meeting}",
  address = "Columbia, Maryland",
  year = 2004
}

@inproceedings{sma05,
	author = "K. Sen and D. Marinov and G. Agha",
	title = "{CUTE}: {A} Concolic Unit Testing Engine for {C}",
	booktitle = "Proceedings of the 13$^{th}$ ACM SIGSOFT International
	Symposium on the Foundations of Software Engineering",
	publisher = "ACM Press",
	pages = "263--272",
	month = "September",
	year = 2005
}

@phdthesis{s98,
  author = "M. Siff",
  title = "Techniques for Software Renovation",
  school = "University of Wisconsin-Madison",
  year = 1998
}

@inproceedings{ssf99,
  author = "J. S. Shapiro and J. M. Smith and D. J. Farber",
  title = "{EROS}: A Fast Capability System",
  booktitle = "Proceedings of the 17$^{th}$ ACM Symposium on Operating System
  Principles",
  publisher = "ACM Press",
  pages = "170--185",
  month = "December",
  year = 1999
}

@inproceedings{svn+04,
  author = "J. S. Shapiro and J. Vandenburgh and E. Northup and D. Chizmadia",
  title = "Design of the {EROS} Trusted Window System",
  booktitle = "Proceedings of the 13$^{th}$ USENIX Security Symposium",
  publisher = "USENIX Association",
  pages = "165--178",
  month = "August",
  year = 2004
}

@incollection{sp81,
  author = "M. Sharir and A. Pnueli",
  title = "Two Approaches to Interprocedural Dataflow Analysis",
  booktitle = "Program Flow Analysis: Theory and Applications",
  editor = "S. Muchnick and N. Jones",
  pages = "189--233",
  publisher = "Prentice Hall",
  year = 1981
}

@inproceedings{s07,
  author = "S. Shimko",
  title = "Enhancing the Security of Enterprise Products with \selinux",
  booktitle = "The 3$^{rd}$ Security-enhanced Linux Symposium",
  month = "March",
  year = 2007
}

@misc{s05a,
  author = "S. Smalley",
  note = "Personal Communication",
  month = June,
  year = 2005
}

@techreport{s05b,
  author = "S. Smalley",
  title = "Configuring the {SELinux} Policy",
  institution = "NAI Labs",
  number = "02-007",
  month = "February",
  year = 2003,
  note = "\url{http://www.nsa.gov/selinux/papers/policy2.pdf}"
}

@techreport{svs01,
  author = "S. Smalley and C. Vance and W. Salamon",
  title = "Implementing {SELinux} as a {Linux} Security Module",
  institution = "NAI Labs",
  number = "01-043",
  month = "December",
  year = 2001,
  note = "\url{http://www.nsa.gov/selinux/papers/module.pdf}"
}

@inproceedings{st98,
  author = "G. Snelting and F. Tip",
  title = "Reengineering class hierarchies using concept analysis",
  booktitle = "Proceedings of the 6$^{th}$ ACM SIGSOFT Symposium on Foundations
  of Software Engineering",
  publisher = "ACM Press",
  pages = "99--110",
  month = "September",
  year = 1998
}

@misc{soot,
  key = "soot",
  title = "{SOOT}: {A} {Java} Optimization Framework",
  note = "\url{http://www.sable.mcgill.ca/soot}"
}

@inproceedings{ssl+99,
  author = "R. Spencer and S. Smalley and P. Loscocco and M. Hibler and D.
  Andersen and J. Lapreau",
  title = "The {Flask} Architecture: {System} Support for Diverse Security
  Policies",
  booktitle = "Proceedings of the 8$^{th}$ USENIX Security Symposium",
  publisher = "USENIX Association",
  pages = "123--139",
  month = "August",
  year = 1999
}

@misc{sqlserver,
  key = "SQL-Server",
  note = "\url{http://www.microsoft.com/sql}",
  title = "Microsoft {SQL} Server",
}

@misc{squid,
  key = "SQUID",
  note = "\url{http://www.squid-cache.org}",
  title = "{Squid} Web Proxy Cache"
}

@inproceedings{se94,
  author = "A. Srivastava and A. Eustace",
  title = "{ATOM}: {A} System for Building Customized Program Analysis Tools",
  booktitle = "Proceedings of the ACM SIGPLAN 1994 Conference on Programming
  Language Design and Implementation",
  publisher = "ACM Press",
  pages = "196--205",
  month = "June",
  year = 1994
}

@book{tcsec,
  key = "TCSEC",
  title = "Trusted Computer System Evaluation Criteria",
  publisher = "United States Department of Defense",
  month = "December",
  year = 1985
}

@inproceedings{tc04,
  author = "P. Tonella and M. Ceccato",
  title = "Aspect mining through the formal concept analysis of execution
  traces",
  booktitle = "Proceedings of the 11$^{th}$ Working Conference on Reverse
  Engineering",
  publisher = "IEEE Computer Society Press",
  pages = "112--121",
  month = "November",
  year = 2004
}

@inproceedings{tm04,
  author = "T. Tourwe and K. Mens",
  title = "Mining aspectual views using formal concept analysis",
  booktitle = "Proceedings of the 4$^{th}$ IEEE International Workshop on
  Source code Analysis and Manipulation",
  publisher = "IEEE Computer Society Press",
  pages = "97--106",
  month = "September",  
  year = 2004
}

@misc{tresys1,
  key = "Tresys",
  title = "Tresys Technology, Security-enhanced {Linux} Policy Management Framework",
  note = "\url{http://sepolicy-server.sourceforge.net}"
}

@misc{tresys2,
  key = "Tresys2",
  title = "Tresys Technology, {SETools} Policy Tools for {SELinux}",
  note = "\url{http://www.tresys.com/selinux/selinux\_policy\_tools.shtml}"
}

@inproceedings{vk99,
  author = "A. van Duersen and T. Kuipers",
  title = "Identifying objects using cluster and concept analysis",
  booktitle = "Proceedings of the 21$^{st}$ International Conference on
  Software Engineering",
  publisher = "ACM Press",
  pages = "246--255",
  month = "May",
  year = 1999
}

@inproceedings{wd01,
  author = "D. Wagner and D. Dean",
  title = "Intrusion Detection via Static Analysis",
  booktitle = "Proceedings of the 2001 IEEE Symposium on Security and Privacy",
  publisher = "IEEE Computer Society Press",
  pages = "156--168",
  month = "May",
  year = 2001
}

@inproceedings{wla+93,
  author = "R. Wahbe and S. Lucco and T. E. Anderson and S. L. Graham",
  title = "Efficient Software-Based Fault Isolation",
  booktitle = "Proceedings of the 14$^{th}$ ACM Symposium on Operating System
  Principles",
  publisher = "ACM Press",
  pages = "203--216",
  month = "December",
  year = 1993
}

@misc{w04,
  author = "E. Walsh",
  title = "Integrating {XFree86} with security-enhanced {Linux}",
  note = "Manuscript",
  year = 2004
}

@inproceedings{w07,
  title = "Integrating {X.Org} with Security-Enhanced {Linux}",
  author = "E. Walsh",
  booktitle = "Proceedings of the 3$^{rd}$ Annual Security-Enhanced Linux
  Symposium",
  month = "March",
  year = 2007
}

@incollection{w82,
  author = "R. Wille",
  title = "Restructuring Lattice Theory: {An} Approach Based on Hierarchies of
  Concepts",
  booktitle = "Ordered Sets",
  editor = "I. Rival",
  series = "NATO ASI",
  number = 83,
  publisher = "Dordrecht-Boston: Reidel",
  pages = "445--470",
  year = 1982
}

@misc{w96a,
  author = "D. Wiggins",
  title = "Analysis of the {X} Protocol for Security Concerns, Draft {II}, 
  {X Consortium Inc.}",
  month = "May",
  year = 1996,
  note = "\url{http://www.x.org/X11R6.8.1/docs/Xserver/analysis.pdf}"
}

@misc{w96b,
  author = "D. Wiggins",
  title = "Security Extension Specification, Version 7.1, {X Consortium Inc.}",
  year = 1996
}

@inproceedings{wcs+02,
  author = "C. Wright and C. Cowan and S. Smalley and J. Morris and G.
  Kroah-Hartman",
  title = "{Linux} Security Modules: {General} Security Support for the 
  {Linux} Kernel",
  booktitle = "Proceedings of the 11$^{th}$ USENIX Security Symposium",
  publisher = "USENIX Association",
  pages = "17--31",
  month = "August",
  year = 2002
}

@article{wcc+74,
  author = "W. Wulf and E. Cohen and W. Corwin and A. Jones and R. Levin and C.
  Pierson and F. Pollack",
  title = "{HYDRA}: {The} Kernel of a Multiprocessor Operating System",
  journal = "Communications of the ACM",
  volume = 17,
  number = 6,
  pages = "337-344",
  month = "June",
  year = 1974
}

@misc{x11perf,
  key = "x11perf",
  title = "\code{x11perf}: The {X11} server performance test program suite"
}

@misc{xserver,
  key = "X11",
  title = "{The X Foundation}: \url{http://www.x.org}"
}

@misc{xkey,
  key = "xkey",
  author = "D. Giampaolo",
  title = "xkey source code (last accessed in {May} 2007)",
  note = "\url{http://www.phreak.org/archives/exploits/unix/xwin-exploits/xkey.c}",
}

@inproceedings{zbk+06,
	author = "N. Zeldovich and S. Boyd-Wickizer and E. Kohler and D.
	Mazi\'{e}res",
	title = "Making Information Flow Explicit in {HiStar}",
	booktitle = "Proceedings of the 7$^{th} USENIX Symposium on Operating Systems
	Design and Implementation",
	publisher = "USENIX Association",
	pages = "263--278",
	month = "November",
	year = 2006
}

@inproceedings{z99, 
  author = "A. Zeller",
  title = "Isolating Cause-Effect Chains from Computer Programs",
  booktitle = "Proceedings of the 10$^{th}$ International Symposium on the
  Foundations of Software Engineering",
  publisher = "ACM Press",
  pages = "1--10",
  month = "November",
  year = 2002
}

@inproceedings{zej02, 
  author = "X. Zhang and A. Edwards and T. Jaeger", 
  title = "Using {CQUAL} for Static Analysis of Authorization Hook Placement", 
  booktitle = "Proceedings of the 11$^{th}$ USENIX Security Symposium", 
  publisher = "USENIX Association", 
  pages = "33--48", 
  month = "August", 
  year = 2002 
}

@inproceedings{zg03,
  author = "X. Zhang and R. Gupta",
  title = "Precise Dynamic Slicing Algorithms",
  booktitle = "Proceedings of the 25$^{th}$ International Conference on Software Engineering",
  publisher = "IEEE Computer Society Press",
  pages = "319--329",
  month = "May",
  year = 2003
}

