@inproceedings{abw05,
  author = "M. Abadi and A. Birrell and T. Wobber",
  title = "Access Control in a World of Software Diversity",
  booktitle = "Proceedings of the 10th Workshop on Hot Topics in Operating
  Systems",
	publisher = "USENIX Association",
  month = "June",
  year = 2005
}

@inproceedings{abe+05,
  author = "M. Abadi and M. Budiu and U. Erlingsson and J. Ligatti",
  title = "Control-Flow Integrity: {Principles}, Implementations and
  Applications",
  booktitle = "Proceedings of the 12th ACM Conference on Computer and
  Communications Security",
	publisher = "ACM Press",
  month = "November",
  year = 2005
}

@article{ads93,
  author = "H. Agrawal and R. DeMillo and E. Spafford",
  title = "Debugging with Dynamic Slicing and Backtracking",
  journal = "Software Practice and Experience",
  volume = "23",
  number = "6",
  pages = "589--616",
  year = 1993
}

@inproceedings{acm05,
  author = "R. Alur and P. Cerny and P. Madhusudan and W. Nam",
  title = "Synthesis of Interface Specifications for {Java} Classes",
  booktitle = "Proceedings of the 2005 ACM Conference on Principles of
  Programming Languages",
	publisher = "ACM Press",
  month = "January",
  year = 2005
}

@article{ar80,
  author = "G. Andrews and R. Reitman",
  title = "An axiomatic approach to information-flow in programs",
  journal = "ACM Transactions on Programming Languages and Systems",
	publisher = "ACM Press",
  volume = 2,
  number = 1,
  year = 1980
}

@techreport{alp02,
  author = "M. Archer and E. Leonard and M. Pradella",
  title = "Towards a methodology and tool for the analysis of
  Security-enhanced {Linux} policies",
  institution = "NRL",
  number = "NRL/MR/5540-02-8629",
  month = "August",
  year = 2002
}

@inproceedings{alp03,
  author = "M. Archer and E. Leonard and M. Pradella",
  title = "Analyzing Security-enhanced {Linux} policy specifications",
  booktitle = "Proceedings of the 4th IEEE International Workshop on Policies
  for Distributed Systems and Networks",
	publisher = "IEEE Computer Society Press",
  month = "June",
  year = 2003
}

@inproceedings{bss+95,
  author = "L. Badger and D. G. Sterne and D. L. Sherman and K. M. Walker and
  S. A. Haghighat",
  title = "A domain and type enforcement {UNIX} prototype",
  booktitle = "Proceedings of the 5th USENIX UNIX Security Symposium",
	publisher = "USENIX Association",
  month = "June",
  year = 1995
}

@article{bl94,
  author = "T. Ball and J. Larus",
  title = "Optimally Profiling and Tracing Programs",
  journal = "ACM Transactions on Programming Languages and Systems",
	publisher = "ACM Press",
  volume = 16,
  number = 4,
  month = "July",
  year = 1994
}

@inproceedings{bl96,
  author = "T. Ball and J. Larus",
  title = "Efficient Path Profiling",
  booktitle = "Proceedings of the 29th Annual IEEE/ACM International Symposium
  on Microarchitecture",
	publisher = "IEEE Computer Society Press",
  month = "December",
  year = 1996
}

@inproceedings{bnr03,
  author = "T. Ball and M. Naik and S. Rajamani",
  title = "From Symptom to Cause: {Localizing} Errors in Counterexample
  Traces",
  booktitle = "Proceedings of the ACM Conference on the Principles of
  Programming Languages",
	publisher = "ACM Press",
  month = "January",
  year = 2003
}

@inproceedings{br02,
  author = "T. Ball and S. Rajamani",
  title = "The {SLAM} Toolkit: {Debugging} System Software via Static
  Analysis",
  booktitle = "Proceedings of the ACM Conference on Principles of Programming
  Languages",
	publisher = "ACM Press",
  month = "January",
  year = 2002
}

@inproceedings{bbm94,
  author = "J. Banatare and C. Bryce and D. L. Metayer",
  title = "Compile-time detection of information-flow in sequential programs",
  booktitle = "Proceedings of the 1994 European Symposium on Research in
  Computer Security",
  year = 1994
}

@inproceedings{blm+04,
  author = "A. Bandara and E. C. Lupu and J. Moffett and A. Russo",
  title = "A Goal-Based Approach to Policy Refinement",
  booktitle = "Proceedings of the 5th IEEE International Workshop on Policies
  for Distributed Systems and Networks",
	publisher = "IEEE Computer Society Press",
  month = "June",
  year = 2004
}

@inproceedings{bdf+05,
  author = "P. Barham and B. Dragovic and K. Fraser and S. Hand and T. Harris
  and A. Ho and R. Neugebauer and I. Pratt and A. Warfield",
  title = "Xen and the art of virtualization",
  booktitle = "Proceedings of the 19th ACM Symposium on Operating System
  Principles",
	publisher = "ACM Press",
  month = "October",
  year = 2003
}

@misc{bfi+99,
  author = "M. Blaze and J. Feigenbaum and J. Ioannidis and A. Keromytis",
  title = "The {KeyNote} Trust Management System, Version 2",
  note = "Internet RFC 2704",
  year = 1999
}

@inproceedings{bn89,
  author = "D. F. C. Brewer and M. J. Nash",
  title = "The {Chinese Wall} Security Policy",
  booktitle = "Proceedings of the 1989 IEEE Symposium on Security and Privacy",
	publisher = "IEEE Computer Society Press",
  month = "May",
  year = 1989
}


@article{ccg+04,
  author = "S. Chaki and E. Clarke and A. Groce and S. Jha and H. Veith",
  title = "Modular Verification of Software Components in {C}",
  journal = "IEEE Transactions on Software Engineering",
	publisher = "IEEE Computer Society Press",
  volume = 30,
  number = 6,
  month = "June",
  year = 2004
}

@inproceedings{cgs04,
  author = "S. Chaki and A. Groce and O. Strichman",
  title = "Explaining Abstract CounterExamples",
  booktitle = "Proceedings of the 12th ACM SIGSOFT International Symposium on
  Foundations of Software Engineering",
	publisher = "ACM Press",
  month = "November",
  year = 2004
}

@inproceedings{cdw02,
  author = "H. Chen and D. Dean and D. Wagner",
  title = "Model checking one million lines of {C} code",
  booktitle = "Proceedings of the 11th Annual Network and Distributed Systems
  Security Symposium (NDSS)",
  pages = "171--185",
  month = "February",
  year = 2004
}

@inproceedings{chl99,
  author = "T. Chilimbi and M. Hill and J. Larus",
  title = "Cache-Conscious Structure Layout",
  booktitle = "Proceedings of the 1999 ACM SIGPLAN Conference on Programming
  Language Design and Implementation",
	publisher = "ACM Press",
  month = June,
  year = 1999
}

@inproceedings{cms03,
  author = "A. S. Christensen and A. Moller and M. I. Schwartzbach",
  title = "Precise Analysis of String Expressions",
  booktitle = "Proceedings of the 10th Annual International Static Analysis
  Symposium",
  month = "August",
  year = 2003
}

@inproceedings{cw87,
  author = "D. D. Clark and D. Wilson",
  title = "A Comparison of Military and Commercial Security Policies",
  booktitle = "1987 IEEE Symposium on Security and Privacy",
	publisher = "IEEE Computer Society Press",
  month = May,
  year =1987
}

@article{cgj+03,
  author = "E. M. Clarke and O. Grumberg and S. Jha and Y. Lu and H. Veith",
  title = "Counterexample-guided abstraction refinement for symbolic model
  checking",
  journal = "Journal of the ACM",
	publisher = "ACM Press",
  volume = 50,
  number = 5,
  month = "September",
  year = 2003
}

@book{cgp00,
	author = "E. M. Clarke and O. Grumberg and D. A. Peled",
	title = "Model Checking",
	publisher = "MIT Press",
	month = "January",
	year = 2000
}

@inproceedings{cc77,
	author = "P. Cousot and R. Cousot",
	title = "Abstract Interpretation: {A} Unified Lattice Model for Static
	Analysis of Programs by Construction or Approximation of Fixpoints",
	booktitle = "Conference Record of the fourth ACM Symposium on Principles of
	Programming Languages",
	publisher = "ACM Press",
	month = "January",
	year = 1977
}

@inproceedings{cgp+02,
  author = "R. Cox and E. Grosse and R. Pike and D. Presotto and S. Quinlan",
  title = "Security in {Plan} 9",
  booktitle = "Proceedings of the 11th USENIX Security Symposium",
	publisher = "USENIX Association",
  month = "August",
  year = 2002
}

@article{ds97,
  author = "S. De Capitani di Vimercati and P. Samarati",
  title = "Authorization Specification and Enforcement in Federated Database
  Systems",
  journal = "Journal of Computer Security",
  volume = 5,
  number = 2,
  pages = "155--188",
  year = 1997
}

@phdthesis{d75,
  author = "D. Denning",
  title = "Secure Information Flow in Computer Systems",
  school = "Purdue University",
  year = 1975
}

@article{d76,
  author = "D. Denning",
  title = "A Lattice Model of Secure Information Flow",
  journal = "Communications of the ACM",
	publisher = "ACM Press",
  volume = 19,
  number = 5,
  pages = "236--242",
  year = 1976
}

@article{dd77,
  author = "D. Denning and P. Denning",
  title = "Certification of programs for secure information flow",
  journal = "Communications of the ACM",
	publisher = "ACM Press",
  volume = 20,
  number = 7,
  pages = "504--513",
  year = 1977
}


@inproceedings{drk+85,
  author = "D. D. Downs and J. R. Rub and K. C. Kung and C. S. Jordan",
  title = "Issues in Discretionary Access Control",
  booktitle = "Proceedings of the 1985 IEEE Symposium on Security and Privacy",
	publisher = "IEEE Computer Society Press",
  month = "April",
  year = 1985
}

@misc{efl+99,
  author = "C. M. Ellison and B. Frantz and B. Lampson and R. L. Rivest and B.
  M. Thomas and T. Ylonen",
  title = "{SPKI} certificate theory",
  note = "Internet RFC 2693",
  month = "September",
  year = 1999
}

@inproceedings{ea03,
  author = "D. Engler and K. Ashcraft",
  title = "{RacerX:} {Effective}, static detection of race conditions and
  deadlocks",
  booktitle = "Proceedings of the 19$^{th}$ ACM Symposium on Operating System
  Principles",
	publisher = "ACM Press",
  month = "October",
  year = 2003
}

@inproceedings{ecc+00,
  author = "D. Engler and B. Chelf and A. Chou and S. Hallem",
  title = "Checking System Rules using System-Specific Programmer-Written
  Compiler Extensions",
  booktitle = "Proceedings of the 2000 USENIX Symposium on Operating System
  Design and Implementation",
	publisher = "USENIX Association",
  pages = "1--16",
  month = "December",
  year = 2000
}

@inproceedings{fgh+04, 
  author = "H. H. Feng and J. T. Giffin and Y. Huang and S. Jha and W. Lee and
  B. Miller",
  title = "Formalizing Sensitivity in Static Analysis for Intrusion Detection",
  booktitle = "Proceedings of the 2004 IEEE Symposium on Security and Privacy",
	publisher = "IEEE Computer Society Press",
  month = "May",
  year = 2004
}

@inproceedings{fk92,
  author = "D. F. Ferraiolo and D. R. Kuhn",
  title = "Role-based Access Control",
  booktitle = "15th National Computer Security Conference",
  year = 1992
}

@inproceedings{fkm+05,
  author = "K. Fisler and S. Krishnamurthi and L. A. Meyerovich and M. C.
  Tschantz",
  title = "Verification and Change-Impact Analysis of Access-Control Policies",
  booktitle = "Proceedings of the 27th International Conference on Software
  Engineering",
	publisher = "ACM Press",
  month = "May",
  year = 2005
}

@inproceedings{fhs+96,
  author = "S. Forrest and S. Hofmeyr and A. Somayaji and T. Longstaff",
  title = "A sense of self for {Unix} Processes",
  booktitle = "Proceedings of the 1996 IEEE Symposium on Security and Privacy",
	publisher = "IEEE Computer Society Press",
  month = "May",
  year = 1996
}

@inproceedings{faa99,
  author = "J. S. Foster and M. Fahndrich and A. Aiken",
  title = "A Theory of Type Qualifiers",
  booktitle = "Proceedings of the 1999 ACM SIGPLAN Conference on Programming
  Language Design and Implementation",
	publisher = "ACM Press",
  month = "May",
  year = 1999
}

@inproceedings{f00,
  author = "T. Fraser",
  title = "{LOMAC}: {L}ow Water-mark integrity protection for {COTS} environments",
  booktitle = "2000 IEEE Symposium on Security and Privacy",
	publisher = "IEEE Computer Society Press",
  month = May,
  year = 2000
}

@inproceedings{gr03,
  author = "T. Garfinkel and M. Rosenblum",
  title = "A virtual machine introspection-based architecture for intrusion
  detection",
  booktitle = "Proceedings of the 2003 ISOC Symposium on Networked and Distributed 
  System Security",
  month = "February",
  year = 2003
}

@misc{gentoo,
  key = "gentoo",
  title = "Hardened Gentoo Linux distribution",
  note = "\url{http://www.gentoo.org/proj/en/hardened}"
}


@inproceedings{gs97,
	author = "H. Saidi and S. Graf",
	title = "Construction of Abstract-state graphs with {PVS}",
	booktitle = "Proceedings of the International confernece on Computer-aided
	Verification",
	month = "June",
	year = 1997
}

@inproceedings{grg04,
  author = "A. Graham and T. Radhakrishnan and C. Grossner",
  title = "Incremental Validation of Policy-based Systems",
  booktitle = "Proceedings of the 5th IEEE International Workshop on Policies
  for Distributed Systems and Networks",
	publisher = "IEEE Computer Society Press",
  month = "June",
  year = 2004
}

@inproceedings{gz03,
  author = "G. Grahne and J. Zhu",
  title = "Efficiently using prefix-trees in mining frequent itemsets",
  booktitle = "Proceedings of the 1st IEEE ICDM Workshop on Frequent Itemset
  Mining Implementations",
	publisher = "IEEE Computer Society Press",
  year = 2003
}

@article{ghr+05,
  author = "J. D. Guttman and A. L. Herzog and J. D. Ramsdell and C. W.
  Skorupka",
  title = "Verifying Information Flow Goals in Security-Enhanced {Linux}",
  journal = "Journal of Computer Security (special issue for the 2003 Workshop
  on Issues in the Theory of Security)",
  volume = 13,
  number = 1,
  month = "",
  year = 2005
}

@inproceedings{hr98,
  author = "N. Heintze and J. G. Riecke",
  title = "The {SLam} Calculus: {Programming} with Secrecy and Integrity",
  booktitle = "Proceedings of the 25th Symposium on Principles of Programming
  Languages",
	publisher = "ACM Press",
  month = "January",
  year = 1998
}

@inproceedings{hl02,
  author = "S. Hangal and M. Lam",
  title = "Tracking down software bugs using automatic anomaly detection",
  booktitle = "Proceedings of the 24th International Conference on Software
  Engineering",
  month = "May",
  year =2002
}

@article{hru76,
  author = "M. Harrison and W. Ruzzo and J. D. Ullman",
  title = "Protection in Operating Systems",
  journal = "Communications of the ACM",
	publisher = "ACM Press",
  month = Aug, 
  year = 1976
}

@inproceedings{hjms02,
  author = "T. A. Henzinger and R. Jhala and R. Majumdar and G. Sutre",
  title = "Lazy Abstraction",
  booktitle = "Proceedings of the ACM Conference on Principles of Programming
  Languages",
	publisher = "ACM Press",
  month = "January",
  year = 2002
}

@inproceedings{hjm+04,
  author = "T. A. Henzinger and R. Jhala and R. Majumdar and K. McMillan",
  title = "Abstractions from Proofs",
  booktitle = "Proceedings of the ACM Conference on Principles of Programming
  Languages",
	publisher = "ACM Press",
  month = "January",
  year = 2004
}

@inproceedings{hjm05,
  author = "T. A. Henzinger and R. Jhala and R. Majumdar",
  title = "Permissive Interfaces",
  booktitle = "Proceedings of the 2005 ACM SIGSOFT Symposium on the Foundations
  of Software Engineering",
	publisher = "ACM Press",
  month = "September",
  year = 2005
}

@inproceedings{hgh+05,
  author = "A. L. Herzog and J. D. Guttman and D. R. Harris and J. D. Ramsdell
  and A. E. Segall and B. T. Sniffen",
  title = "Policy Analysis and Generation Work at {MITRE}",
  booktitle = "Proceedings of the first Annual Security-enhanced Linux
  Symposium",
  month = "March",
  year = 2005
}

@article{hs05,
  author = "M. Hicks and S. Nettles",
  title = "Dynamic Software Updating",
  journal = "ACM Transactions on Programming Languages and Systems",
	publisher = "ACM Press",
  month = "September",
  year = 2005
}

@inproceedings{i99,
  author = "C. Irvine",
  title = "The Reference Monitor Concept as a Unifying Principle in Computer
  Security Education",
  booktitle = "Proceedings of the 1$^{st}$ World Conference on Information
  Systems Security Education",
  month = "June",
  year = 1999
}

@article{jpl+99,
  author = "T. Jaeger and A. Prakash and J. Liedtke and N. Islam",
  title = "Flexible Control of Downloaded Executable Content",
  journal = "ACM Transactions on Information and System Security",
	publisher = "ACM Press",
  volume = 2,
  number = 2,
  pages = "177--228",
  month = "May",
  year = 1999
}

@inproceedings{jsz03,
  author = "T. Jaeger and R. Sailer and X. Zhang",
  title = "Analyzing Integrity Protection in the {\selinux} Example Policy",
  booktitle = "Proceedings of the 12th USENIX Security Symposium",
	publisher = "USENIX Association",
  pages = "59--74",
  month = "August",
  year = 2003
}

@inproceedings{jsz04,
  author = "T. Jaeger and R. Sailer and X. Zhang",
  title = "Resolving Constraint Conflicts",
  booktitle = "Proceedings of the 2004 ACM Symposium on Access Control Models
  and Technologies",
	publisher = "ACM Press",
  month = "June",
  year = 2004
}

@article{jzc03,
  author = "T. Jaeger and X. Zhang and F. Cacheda",
  title = "Policy Management Using Access Control Spaces",
  journal = "ACM Transactions on Information and System Security (TISSEC)",
	publisher = "ACM Press",
  volume = "6",
  number = "3",
  pages = "327--364",
  month = "August",
  year = 2003
}

@phdthesis{j05,
	author = "R. Jhala",
	title = "Program Verification by Lazy Abstraction",
	institution = "UC Berkeley",
	year = 2004
}

@inproceedings{jm06,
	author = "R. Jhala and K. McMillan",
	title = "A Practical and Complete Approach to Predicate Refinement",
	booktitle = "Proceedings of the 12th Conference on Tools and Algorithms for
	the Construction and Analysis of systems",
	month = "April",
	year = 2006,
	note = "To Appear"
}

@article{k76,
  author = "J. C. King",
  title = "Symbolic execution and program testing",
  journal = "Communications of the ACM", 
	publisher = "ACM Press",
  volume = 19,
  number = 7, 
  pages = "385--394",
  month = "July",
  year = "1976"
}

@inproceedings{kmv+03,
  author = "C. Kruegel and D. Mutz and F. Valeur and G. Vigna",
  title = "On the Detection of Anomalous System Call Arguments",
  booktitle = "Proceedings of the 8th European Symposium on Research in
  Computer Security",
  month = "October",
  year = 2003
}
  
@book{lll+02,
  author = "B. LaMacchia and S. Lange and M. Lyons and R. Martin and K. Price",
  title = "{.NET} Framework Security",
  publisher = "Addison Wesley",
  year = 2002
}

@inproceedings{l71,
  author = "B. W. Lampson",
  title = "Protection",
  booktitle = "5th Princeton Conference on Information Sciences and Systems",
  year = 1971
}

@article{l73,
  author = "B. W. Lampson",
  title = "A note on the confinement problem",
  journal = "Communications of the ACM",
	publisher = "ACM Press",
  volume = 16,
  number = 10,
  pages = "613--615",
  year = 1973
}

@article{labw92,
  author = "B. W. Lampson and M. Abadi and M. Burrows and E. Wobber",
  title = "Authentication in Distributed Systems: Theory and Practice",
  journal = "ACM Transactions on Computer Systems",
	publisher = "ACM Press",
  volume = 10,
  number = 1,
  month = Nov,
  year = 1992
}

@inproceedings{llm+04,
  author = "Z. Li and S. Lu and S. Myagmar and Y. Zhou",
  title = "{CP-Miner}: {A} Tool for finding copy-paste and related bugs in
  operating system code",
  booktitle = "Proceedings of the 2004 Symposium on Operating System Design and
  Implementation",
  month = "December",
  year = 2004
}

@inproceedings{lz05,
  author = "Z. Li and Y. Zhou",
  title = "{PR-Miner}: {Automatically} Extracting Implicit Programming Rules
  and Detecting Violations in Large Software Code",
  booktitle = "Proceedings of the ACM SIGSOFT Conference on Foundations of
  Software Engineering",
	publisher = "ACM Press",
  month = "September",
  year = 2005
}

@inproceedings{lcs+05,
  author = "Z. Li and Z. Chen and S. M. Srinivasan and Y. Zhou",
  title = "{C-Miner}: Mining Block Correlations in Storage Systems",
  booktitle = "Proceedings of the 3rd USENIX Conference on File and Storage
  Technologies",
	publisher = "USENIX Association",
  month = "March",
  year = 2004
}
  
@inproceedings{lrb+05, 
  author = "C. M. Linn and M. Rajagopalan and S. Baker and C. Collberg and S. K. Debray and J. Hartmann", 
  title = "Protecting against unexpected system calls",
  booktitle = "Proceedings of the 14th USENIX Security Symposium",
	publisher = "USENIX Association",
  month = "August", 
  year = 2005
}

@inproceedings{m03,
  author = "P. McDaniel",
  title = "On Context in Authorization Policy",
  booktitle = "Proceedings of the 8th ACM Symposium on Access Control Models
  and Technologies",
	publisher = "ACM Press",
  month = "June",
  year = 2003
}

@article{mp05,
  author = "P. McDaniel and A. Prakash",
  title = "Security Policy Enforcement in the {Antigone} System",
  journal = "Journal of Computer Security",
  note = "To Appear"
}


@inproceedings{ml97,
  author = "A. C. Myers and B. Liskov",
  title = "A Decentralized Model for Information Flow Control",
  booktitle = "Proceedings of the 16th ACM Symposium on Operating System
  Principles",
	publisher = "ACM Press",
  month = "October",
  year = 1997
}

@inproceedings{ml98,
  author = "A. C. Myers and B. Liskov",
  title = "Complete, safe information flow with decentralized labels",
  booktitle = "Proceedings of the 1998 IEEE Symposium on Security and Privacy",
	publisher = "IEEE Computer Society Press",
  month = "May",
  year = 1998
}

@article{ml00,
  author = "A. C. Myers and B. Liskov",
  title = "Protecting Privacy Using the Decentralized Label Model",
  journal = "ACM Transactions on Software Engineering and Methodology",
	publisher = "ACM Press",
  volume = 9,
  number = 4,
  pages = "410--442",
  month = "October",
  year = 2000
}

@inproceedings{m99,
  author = "A. C. Myers",
  title = "Practical, mostly-static, information-flow control",
  booktitle = "Proceedings of the 1999 Symposium on Principles of Programming
  Languages",
	publisher = "ACM Press",
  month = "January",
  year = 1999
}

@phdthesis{p97,
  author = "H. Patterson",
  title = "Informed Prefetching and Caching",
  school = "Carnegie Mellon University",
  month = "October",
  year = 1997
}

@inproceedings{pfk+05,
  author = "M. Pistoia and R. Flynn and L. Koved and V. Sreedhar",
  title = "Interprocedural Analysis for Privileged Code Placement and Tainted
  Variable Detection",
  booktitle = "Proceedings of the 2005 European Conference on Object Oriented
  Programming",
  month = "July",
  year = 2005
}

@inproceedings{p03,
  author = "N. Provos",
  title = "Improving Host Security With System Call Policies",
  booktitle = "Proceedings of the 12$^{th}$ USENIX Security Symposium",
	publisher = "USENIX Association",
	pages = "257--272",
  month = "August",
  year = 2003
}

@inproceedings{rtn04,
  author = "L. Rodriguez and E. Tanter and J. Noye",
  title = "Supporting Dynamic Crosscutting with Partial Behavioral Reflection: a
  Case Study",
  booktitle = "Proceedings of the XXIV International Conference of the Chilean
  Computer Society",
  year = 2004
}

@inproceedings{rbc02,
  author = "S. Rubin and R. Bodik and T. Chilimbi",
  title = "An efficient profile-analysis framework for data-layout
  optimizations",
  booktitle = "Proceedings of the 2002 ACM Conference on the Principles of
  Programming Languages",
	publisher = "ACM Press",
  month = "January",
  year = 2002
}

@inproceedings{rl04,
  author = "O. Ruwase and M. Lam",
  title = "A Practical Dynamic Buffer Overflow Detector",
  booktitle = "Proceedings of the 2004 ISOC Network and Distributed System
  Security Symposium",
  month = "February",
  year = 2004
}

@inproceedings{ss04,
  author = "B. Sarna-Starosta and S. D. Stoller",
  title = "Policy Analysis for Security-enhanced {Linux}",
  booktitle = "Proceedings of the 2004 Workshop on Issues in the Theory of
  Security",
  month = "April",
  year = 2004
}

@article{s00,
  author = "F. Schneider",
  title = "Enforceable Security Policies",
  journal = "ACM Transactions on Information and System Security",
	publisher = "ACM Press",
  volume = 3,
  number = 1,
  month = "February",
  year = 2000
}

@inproceedings{sbb+01,
  author = "R. Sekar and M. Bendre and P. Bollineni and D. Dhurjati",
  title = "A fast automaton-based method for detecting anomalous program
  behaviors",
  booktitle = "Proceedings of the 2001 IEEE Symposium on Security and Privacy",
	publisher = "IEEE Computer Society Press",
  month = "May",
  year = 2001
}

@inproceedings{sjs06,
  author = "U. Shankar and T. Jaeger and R. Sailer",
  title = "Toward Automated Information-Flow Integrity Verification for
  Security-Critical Applications",
  booktitle = "Proceedings of the 2006 ISOC Networked and Distributed Systems
  Security Symposium",
  month = "February",
  year = 2006
}

@inproceedings{stf+01,
  author = "U. Shankar and K. Talwar and J. Foster and D. Wagner",
  title = "Detecting Format String Vulnerabilities with Type Qualifiers",
  booktitle = "Proceedings of the 10th USENIX Security Symposium",
	publisher = "USENIX Association",
  month = "August",
  year = 2001
}

@inproceedings{s03,
  author = "J. S. Shapiro",
  title = "Vulnerabilities in Synchronous {IPC} Designs",
  booktitle = "Proceedings of the 2003 IEEE Symposium on Security and Privacy",
	publisher = "IEEE Computer Society Press",
  month = "May",
  year = 2003
}

@inproceedings{tm99,
  author = "A. Tamches and B. P. Miller",
  title = "Fine-grained dynamic instrumentation of Commodity Operating System
  Kernels",
  booktitle = "Proceedings of the 1999 Symposium on Operating System Design and
  Implementation",
  month = "February",
  year = 1999
}

@misc{tebrowse,
  key = "tebrowse",
  title = "Computer Privacy and Security Lab, {University} of {North} {Texas}: Tools for 
  Managing {SELinux}",
  note = "\url{http://cops.csci.unt.edu/projects/selinux}"
}

@inproceedings{wd01,
  author = "D. Wagner and D. Dean",
  title = "Intrusion Detection via Static Analysis",
  booktitle = "Proceedings of the 2001 IEEE Symposium on Security and Privacy",
	publisher = "IEEE Computer Society Press",
  month = "May",
  year = 2001
}

@inproceedings{wfb+00,
  author = "D. Wagner and J. Foster and E. Brewer and A. Aiken",
  title = "A first step towards automated detection of buffer overrun
  vulnerabilities",
  booktitle = "Proceedings of the 2000 ISOC Network and Distributed Systems
  Security Symposium",
  month = "February",
  year = 2000
}

@inproceedings{w01,
  author = "S. Weeks",
  title = "Understanding Trust Management Systems",
  booktitle = "Proceedings of the 2001 IEEE Symposium on Security and Privacy",
	publisher = "IEEE Computer Society Press",
  month = "May",
  year = 2001
}

@inproceedings{yha03,
  author = "X. Yan and J. Han and R. Afshar",
  title = "{CloSpan}: {Mining} closed sequential patterns in large datasets",
  booktitle = "Proceedings of the 2003 SIAM International Conference on Data
  Mining",
  month = "May",
  year = 2003
}

@inproceedings{zm01,
  author = "S. Zdancewic and A. Myers",
  title = "Robust Declassification",
  booktitle = "Proceedings of the Computer Security Foundations Workshop",
	publisher = "IEEE Computer Society Press",
  month = "June",
  year = 2001
}

@inproceedings{zg04,
  author = "X. Zhang and R. Gupta",
  title = "Cost-effective Dynamic Program Slicing",
  booktitle = "Proceedings of the 26th International Conference on Software
  Engineering",
  month = "May",
  year = 2004
}

@inproceedings{amb+03,
  author = "G. Ammons and D. Mandelin and R. Bod\'{i}k and J. R. Larus",
  title = "Debugging Temporal Specifications with Concept Analysis",
  booktitle = "PLDI",
  year = 2003
}
